%%%%%%%%%%%%%%%%%%%%%%%%%%%%%%%%%%%%%%%%%%%%%%%%%%%%%%%%%%%%%%%%%%%%%%
%% Alachew List of Publication 
%%%%%%%%%%%%%%%%%%%%%%%%%%%%%%%%%%%%%%%%%%%%%%%%%%%%%%%%%%%%%%%%%%%%%%

@article{alachewtraceability,
	Author = {Alachew Mengist and Adrian Pop and Adeel Asghar and Peter Fritzson},
	Title = {Traceability Support in {OpenModelica} Using Open Services for Lifecycle 
	Collaboration {(OSLC)}},
	Journal = {Proceedings of the 12th International Modelica Conference},
	Month = May,
	Year = {2017}
}

@article{alachewrequirementstraceability,
	Author = {Lena Buffoni and Adrian Pop and Alachew Mengist},
	Title = {Traceability and Impact Analysis in Requirement Verification},
	Journal = {Proceedings of the 8th International Workshop},
	Month = Dec,
	Year = {2017}
}

@article{alachewompython,
	author = {Bernt Lie and Sudeep Bajracharya and Alachew Mengist and Lena Buffoni and
	ArunKumar Palanisamy and Martin Sj\"{o}lund and Adeel Asghar and Adrian Pop    
	and Peter Fritzson},
	Title = {{API} for Accessing {OpenModelica} Models From {Python}},
	Journal = {Proceedings of 9th EUROSIM Congress on Modelling and Simulation},
	Month = Sep,
	Year = {2016}
}

@article{alachewtlm,
	Author = {Alachew Mengist and Adeel Asghar and Adrian Pop and Peter Fritzson and Willi Braun and Alexander Siemers and Dag Fritzson},
	Title = {An Open-Source Graphical Composite Modeling Editor and Simulation Tool Based on FMI and {TLM} Co-Simulation},
	Journal = {Proceedings of the 11th International Modelica Conference},
	Month = Sep,
	Year = {2015},
	Doi = {10.3384/ecp15118181}
}

@article{alachewpysimulator,
	Author = {Adeel Asghar and Andreas Pfeiffer and Arunkumar Palanisamy and Alachew Mengist and Martin Sj\"{o}lund and Adrian Pop and Peter Fritzson},
	Title = {Automatic Regression Testing of Simulation Models and Concept for Simulation of Connected {FMUs} in {PySimulator}},
	Journal = {Proceedings of the 11th International Modelica Conference},
	Month = Sep,
	Year = {2015},
	Doi = {10.3384/ecp15118671}
}

@article{alachewoptimizationdemo,
	Author = {Alachew Shitahun and Vitalij Ruge and Mahder Gebremedhin and Bernhard Bachmann and Lars Eriksson and Joel Andersson and Moritz Diehl and Peter Fritzson},
	Title = {Tool Demonstration – OpenModelica and CasADi for Model-Based Dynamic Optimization},
	Journal = {Proceedings of the 5th International Workshop on Equa\-tion-Based Ob\-
	ject\-Ori\-ent\-ed Modeling Languages and Tools},
	Month = Apr,
	Year = {2013}
}

@article{alachewoptimization,
	Author = {Alachew Shitahun and Vitalij Ruge and Mahder Gebremedhin and Bernhard 
	Bachmann and Lars Eriksson and Joel Andersson and Moritz Diehl and Peter 
	Fritzson},
	Title = {Model-Based Optimization with {OpenModelica} and {CasADi}},
	Journal = {Proceedings of IFAC Conference in Tokyo},
	Month = Sep,
	Year = {2013}
}

%%%%%%%%%%%%%%%%%%%%%%%%%%%%%%%%%%%%%%%%%%%%%%%%%%%%%%%%%%%%%%%%%%%%%%
%% System modeling and simulation languages and tools
%%%%%%%%%%%%%%%%%%%%%%%%%%%%%%%%%%%%%%%%%%%%%%%%%%%%%%%%%%%%%%%%%%%%%%

@article{ompython,
	Author = {Anand Ganeson and Peter Fritzson and Olena Rogovchenko and Adeel Asghar and Martin Sj\"{o}lund and Andreas Pfeiffer},
	Title = {{Python} Interface and its use in {PySimulator}},
	Journal = {Proceedings of 9th International Modelica Conference},
	Month = Sep,
	Year = {2012}
}

@article{pysimulator,
	Author = {Pfeiffer A. and Hellerer M. and Hartweg S. and Otter M. and Reiner M.},
	Title = {{PySimulator} - A Simulation and Analysis Environment in {Python} with Plugin Infrastructure},
	Journal = {Proceedings of 9th International Modelica Conference},
	Month = Sep,
	Year = {2012}
}

@article{vhdlamsernst,
	Author = {Ernst Christen and Kenneth Bakalar},
	Title = {{VHDL-AMS} - A Hardware Description Language for Analog and Mixed-Signal Applications},
	Journal = {IEEE Transactions on Circuits and Systems II: Analog and Digital Signal Processing},
	Year = {1999}
}

@article{vhdlamsieee,
	Author = {IEEE 1706.1 Working Group},
	Title = {{IEEE} Std 1076.1-1999, IEEE Standard VHDL Analog and Mixed-Signal Extensions},
	Journal = {IEEE Press},
	Year = {1999}
}

@article{modelicamlreport,
	Author = {Schamai, W.},
	Title = {Modelica Modeling Language (ModelicaML) A UML Profile for Modelica. Technical Report},
	Journal = {Link\"{o}ping University Electronic Press},
	Year = {2009}
}

@article{modelicaml,
	Author = {Schamai Wladimir and Peter Fritzson and Chris Paredis and Adrian Pop},
	Title = {Towards Unified System Modeling and Simulation with ModelicaML Modeling of Executable Behavior Using Graphical Notations},
	Journal = {Proceedings of the 7th International Modelica Conference},
	Month = Sep,
	Year = {2009}
}

@article{modelicamlverification,
	Author = {Schamai Wladimir and Philipp Helle and Peter Fritzson  and Christiaan J.J. Paredis},
	Title = {Virtual Verification of System Designs against System Requirements},
	Journal = {Proceedings of the 2010 international conference on Models in software engineering},
	Year = {2010},
	Doi = {10.3384/ecp12076385}
}

@article{modelicamlwladimir,
	Author = {Wladimir Schamai},
	Title = {Model-Based Verification of Dynamic System Behavior against Requirements: Method, Language, and Tool},
	Type = {{Doctoral thesis No 1547}},
	Year = {2013},
	Journal = {Department of Computer and Information Science, Link\"{o}ping University},
	Isbn = {978-91-7519-505-6},
	Issn = {0345-7524},
	Doi = {10.3384/diss.diva-98107}
}

@article{modelica,
	Author = {Modelica Association},
	Title = {Modelica - A Unified Object-Oriented Language for Physical Systems Modeling - Language Specification Version 3.4, 2017},
	Url = {https://www.modelica.org/documents/ModelicaSpec34.pdf},
	Urldate = {2017-11-28}
}

@article{pdelevon,
	Author = {Levon Saldamli and Peter Fritzson},
	Title = {Domains and partial differential equations in modelica},
	Journal = {Proceedings of the 48th Scandinavian Conference on Simulation and Modeling (SIMS)},
	Location = {Link\"{o}ping, Sweden},
	Month = Oct,
	Year = {2001}
}

@article{pdelevonpeter,
	Author = {Levon Saldamli and Peter Fritzson},
	Title = {A Modelica-Based Language for Ob\-ject-Ori\-ent\-ed Modeling with Partial Differential Equations},
	Journal = {Proceedings of the 4th International EuroSim Congress},
	Location = {Delft, the Netherlands},
	Month = Jun,
	Year = {2001}
}

@article{modelicaassociation,
	Author = {Modelica Association},
	Title = { Modelica Association Home Page},
	Year = {2017},
	Url = { https://www.modelica.org/association},
	Urldate = {2017-11-28}
}

@article{modelicamsl,
	Author = {Modelica Association},
	Title = {Modelica Standard Library GitHub Page},
	Year = {2017},
	Url = { https://github.com/modelica/Modelica /},
	Urldate = {2017-11-28}
}

@article{modelicapeter,
	Author = {Peter Fritzson and Vadim Engelson},
	Title = {Modelica - A Unified Ob\-ject-Ori\-ent\-ed Language for System Modeling and Simulation},
	Journal = {Proceedings of the 12th European Conference on Ob\-ject-Ori\-ent\-ed Programming(ECOOP)},
	Volume = {144},
	Month = Jul,
	Location = {Brussels, Belgium},
	Year = {1998}
}

@article{modelicapeterbook,
	Author = {Peter Fritzson},
	Title = {Principles of Object-Oriented Modeling and Simulation with Modelica 3.3: A Cyber-Physical Approach},
	Journal = {Wiley-IEEE Press},
	Year = {2014}
}

@article{modelicatiller,
	Author = {Michael Tiller},
	Title = {Introduction to Physical Modeling with Modelica},
	Journal = {Springer},
	Month = May,
	Year = {2001},
	Doi = {10.1007/978-1-4615-1561-6}
}


@article{osmc,
	Author = { Open-Source Modelica Consortium},
	Title = {A non-profit, non-governmental organization with the aim of developing and promoting the development and usage of the OpenModelica },
	Year = {2017},
	Url = { https://openmodelica.org/home/consortium},
	Urldate = {2017-11-28}
}
@article{openmodelica,
	Author = { Open-Source Modelica Consortium},
	Title = {OpenModelica Home Page},
	Year = {2017},
	Url = { https://openmodelica.org},
	Urldate = {2017-11-28}
}
@article{openmodelicapeter,
	Author = { Fritzson, P. and Aronsson, P. and Pop, A. and  Lundvall, H. and  Nystr \"{o} m, K. and Saldamli, L. and  Broman, D. and  Sandholm, A },
	Title = { OpenModelica – A Free Open-Source Environment for System
	Modeling, Simulation, and Teaching },
	Journal = {Proceedings of the 2006 IEEE Conference on Computer Aided Control System
	Design },
	Location = { Munich, Germany },
	Month = Oct,
	Location = {Brussels, Belgium},
	Year = {2006}
}

@article{modelicahilding,
	Author = {Hilding Elmqvist and Sven Erik Mattsson and Martin Otter},
	Title = {Modelica - a language for physical system modeling, visualization and interaction},
	Journal = {Proceedings of the 1999 IEEE International Symposium on Computer-Aided Control System Design },
	Year = {1999},
	Doi = {10.1109/CACSD.1999.808720}
}

@article{adams,
	Author = {MSC Software},
	Title = {{ADAMS} - The Multibody Dynamics Simulation Solution},
	Url = {http://www.mscsoftware.com/products/adams.cfm},
    Urldate = {2017-11-28}
}

@article{sysml,
	Author = {Object Management Group},
	Title = {System modeling language specification v1.3},
	Url = {http://www.omg.org/spec/SysML/1.3/},
    Urldate = {2017-11-28}
}

@article{sysmlmorgan,
	Author = {Sandford Friedenthal, Alan Moore, R.S},
	Title = {A Practical Guide to SysML},
	Journal = {Morgan Kaufman OMG Press, Friendenthal, Sanford, First edn. (2008), ISBN 978-0-12-374379-4},
	Year = {1968}
}


@article{uml,
	Author = {Object Management Group},
	Title = {{OMG} Unified Modeling LanguageTM (OMG UML), Superstructure },
	Url = {http://www.omg.org/spec/SysML/1.3/},
    Urldate = {2017-11-28}
}

@article{optimica,
	Author = {\r{A}kesson, J.},
	Title = {Optimica\-An Extension of Modelica Supporting Dynamic Optimization},
	Journal = {Proceedings of 6th International Modelica Conference},
	Month = Mar,
	Year = {2008}
}

@article{wolfram,
	Author = {Wolfram Mathcore},
	Title = {Wolfram SystemModeler-Modeling and Simulation Tool},
	Url = {http://wolfram.com/system-modeler/},
    Urldate = {2017-11-28}
}

@article{wolframpeter,
	Author = {Peter Fritzson and Johan Gunnarsson and Mats Jirstrand },
	Title = {MathModelica \- An Extensible Modeling and Simulation Environment with Integrated Graphics and Literate Programming},
	Journal = {Proceedings of the 2nd International Modelica Conference},
	Year = {2002}
}

@article{wolframmats,
	Author = {Jirstrand Mats and Johan Gunnarsson and Peter Fritzson},
	Title = { A New Modeling and Simulation Environment for Modelica},
	Journal = {Proceedings of the Third International Mathematica Symposium(IMS)},
	Year = {1999}
}

@article{mathematica,
	Author = {Wolfram},
	Title = {Wolfram Mathematica \- Mathematical Symbolic Computation Program},
	Url = {https://www.wolfram.com/mathematica/},
	Urldate = {2017-11-28}
}

@article{simulationx,
	Author = {ITI GmbH},
	Title = {SimulationX \- Modeling and Simulation Tool},
	Url = {https://www.simulationx.com/},
	Urldate = {2017-11-28}
}

@article{dymola,
	Author = {Dassault Systemes},
	Title = {Dymola \- multi-engineering modeling and simulation},
	Url = {https://www.3ds.com/products-services/catia/products/dymola},
	Urldate = {2017-11-28}
}

@article{dymoladag,
	Author = {Dag Bruck and Hilding Elmqvist and Hans Olsson and Sven Erik 
	Mattsson},
	Title = {Dymola for Multi-Engineering Modeling and Simulation},
	Journal = {Proceedings of the 2nd International Modelica Conference},
	Year = {2002}
}

@article{maplesim,
	Author = {Maplesoft},
	Title = {MapleSim – Advanced System Level Modeling},
	Url = {https://www.maplesoft.com/products/maplesim/},
	Urldate = {2017-11-28}
}

@article{beast,
	Author = {L-E. Stacke and D. Fritzson and P. Nordling},
	Title = {BEAST - a rolling bearing simulation tool},
	Journal = {Proceedings of the Institution of Mechanical Engineers Part K Journal of Multi-body Dynamics 213(2):63-71},
	Year = {1999},
	Doi =  {10.1243/1464419991544063}
}

@article{modelio,
	Author = {Softeam},
	Title = {Modelio Open-Source Modelling Environment},
	Url = {http://www.modelio.org/},
	Urldate = {2017-11-28}
}

@article{rttester,
	Author = {Verified Systems International GmbH},
	Title = { RT-Tester: A Test Automation Tool},
	Url = {https://www.verified.de/products/rt-tester/},
	Urldate = {2017-11-28}
}

@article{rttester11,
	Author = {Jan Peleska and Elena Vorobev and Florian Lapschies and Cornelia Zahlten},
	Title = {Automated Model-Based Testing with RT-Tester},
	Journal = {Universitat Bremen, Technical Report},
	Pdf = {http://www.informatik.uni-bremen.de/agbs/testingbenchmarks/turn_indicator/tool/rtt-mbt.pdf},
	Urldate = {2017-11-28},
	Year = {2011}
}

@article{rttester13,
	Author = {Jan Peleska},
	Title = {Industrial-Strength Model-Based Testing - State of the Art and Current Challenges},
	Journal = {Electronic Proceedings in Theoretical Computer Science abs/1303.1006, 3-28 (2013)},
	Year = {2013}
}

@article{simulink,
	Author = {MathWorks},
	Title = {Simulink - Simulation and Model-Based Design},
	Url = {https://se.mathworks.com/products/simulink.html},
	Urldate = {2017-11-28}
}

@article{simulinkreedy,
	Author = {Reedy, J. and Lunzman, S.},
	Title = {Model Based Design Accelerates the Development of Mechanical Locomotive Controls},
	Journal = {SAE Technical Paper 2010-01-1999},
	Year = {2010},
	Doi = {https://doi.org/10.4271/2010-01-1999}
}

@article{simulinkchristian,
	Author = {Christian D. Bodemann and Filippo De Rose},
	Title = {The Successful Development Process with Matlab Simulink in the Framework of ESA\'s ATV Project},
	Journal = {55th International Astronautical Congress of the International Astronautical Federation, the International Academy of Astronautics, and the International Institute of Space Law, International Astronautical Congress (IAF)},
	Year = {2004},
	Doi = {https://doi.org/10.2514/6.IAC-04-U.3.B.03}
}

@article{20sim,
	Author = {Controllab},
	Title = {20-sim - Modeling and Simulation Environment for Mechatronic Systems},
	Url = {http://www.20sim.com/},
	Urldate = {2017-11-28}
}

@article{20simjan,
	Author = {Jan F. Broenink},
	Title = {20-sim software for hierarchical bond-graph/block-diagram models},
	Journal = {Simulation Practice and Theory},
	Volume = {7},
	Number = {5-6},
	Pages = {481–492},
	Year = {1999},
	Month = Dec,
	Doi = {10.1016/S0928-4869(99)00018-X}
}

@article{20simduindam,
	Author = {Duindam, V. and Macchelli, A. and Stramigioli, S. and Bruyninckx, H},
	Title = {Modeling and Control of Complex Physical Systems},
	Journal = {Springer-Verlag Berlin Heidelberg},
	Year = {2011},
	Isbn = {978-3-642-03195-3},
	Doi = {10.1007/978-3-642-03196-0}
}

@article{20simgawthrop,
	Author = {Gawthrop, P.J. and  Bevan, G.P},
	Title = {Bond-graph modelling: A tutorial introduction for control engineers},
	Journal = {IEEE Control Systems Magazine},
	Volume = {27},
	Number = {2},
	Pages = {24-45},
	Year = {1999},
	Doi = {10.1109/MCS.2007.338279}
}

@article{overtureverhoef,
	Author = {Verhoef, M. and Larsen, P.G. and Hooman, J},
	Title = {Modeling and Validating Distributed Embedded Real-Time Systems with VDM++},
	Journal = {Formal Methods. FM 2006.Lecture Notes in Computer Science},
	Volume = {4085},
	Year = {2006},
	Doi = {https://doi.org/10.1007/11813040_11}
}

@article{gproms,
	Author = {Process Systems Enterprise},
	Title = {gPROMS- Advanced Process Modeling platform},
	Url = {https://www.psenterprise.com/products/gproms},
	Urldate = {2017-11-28}
}

@article{gpromsbarton,
	Author = {Barton, P. I. and Pantelides, C. C},
	Title = {Modeling of combined discrete/continuous processes},
	Journal = {AIChE Journal},
	Volume = {40},
	Number = {6},
	Pages = {966 - 979},
	Year = {1994},
	Doi = {10.1002/aic.690400608}
}

@article{gpromspaulphd,
	Author = {Paul Inigo Barton},
	Title = {The Modelling and Simulation of Combined Discrete/Continuous Processes},
	Journal = {PhD thesis, Department of Chemical Engineering, Imperial Collage of Science, Technology and Medicine},
	Year = {1992}
}

@article{gpromsoh,
	Author = {M. Oh and Costas C. Pantelides},
	Title = {A modelling and Simulation Language for Combined Lumped and Distributed Parameter Systems},
	Journal = {Computers and Chemical Engineering},
	Volume = {20},
	Number = {6-7},
	Pages = {611-633},
	Year = {1996},
	Doi = { https://doi.org/10.1016/0098-1354(95)00196-4}
}

@article{jmodelica,
	Author = { Modelon AB },
	Title = { JModelica Home Page },
	Year = {2017},
	Url = { http://www.jmodelica.org},
	Urldate = {2017-11-28}
}


%%%%%%%%%%%%%%%%%%%%%%%%%%%%%%%%%%%%%%%%%%%%%%%%%%%%%%%%%%%%%%%%%%%%%%
%% co-simulation technoligies and mode-based design and Casadi
%%%%%%%%%%%%%%%%%%%%%%%%%%%%%%%%%%%%%%%%%%%%%%%%%%%%%%%%%%%%%%%%%%%%%%

@article{fmi,
	Author = {MODELISAR},
	Title = {Functional Mock-up Interface, Version 2.0. Interface specification},
	Journal = {MODELISAR},
	Year = {2017}
}

@article{fmiblochwitz,
	Author = {T. Blochwitz and  M. Otter and M. Arnold and  C. Bausch and  C. Clau\ss and  H. Elmqvist and  A. Junghanns and J. Mauss and  M. Monteiro and  T. Neidhold and  D. Neumerkel and  H. Olsson and  J.-V. Peetz and S. Wolf},
	Title = {The Functional Mockup Interface for Tool independent Exchange of Simulation Models},
	Journal = {Proceedings of the 8th International Modelica Conference},
	Year = {2011}
}

@article{tlmkurs90,
	Author = { Krus P. and  Jansson A },
	Title = {Distributed Simulation of Hydromechanical Systems},
	Journal = {Proceedings of the 3rd Bath International Fluid Power Workshop},
	Year = {1990}
}

@article{tlmkurs99,
	Author = {Krus P.},
	Title = {Modelling of Mechanical Systems Using Rigid Bodies and Transmission Line Joints},
	Journal = {Transactions of ASME, Journal of Dynamic Systems Measurement and Control},
	Month = Dec,
	Year = {1999}
}

@article{tlmjohns,
	Author = {P.B. Johns and M.A. O\'Brian},
	Title = {Use Of The Transmission Line Modelling (T.L.M) Method To Solve Nonlinear Lumped Networks},
	Journal = {The Radio And Electronic Engineer(1980)},
	Volume = {50},
	Number = {1-2},
	Pages   = {59-70},
	Year = {1980}
}

@article{tlmcogan,
	Author = {D. de Cogan and W.J. O\'Connor and S. Pulko},
	Title = {Transmission Line Matrix in Computational Mechanics},
	Journal = {Taylor \& Francis},
	Isbn = {0-415-32717-2},
	Year = {2006}
}

@article{tlmauslander,
	Author = {D.M. Auslander},
	Title = {Distributed System Simulation with Bilateral Delay-Line Models},
	Journal = {Journal of Basic Engineering (June 1968)},
	Pages   = {195–200},
	Month = Jun,
	Year = {1968}
}

@article{tlmalexander05,
	Author = {Alexander Siemers and Iakov Nakhimovski and Dag Fritzson},
	Title = {Meta-modelling of Mechanical Systems with Transmission Line Joints in Modelica},
	Journal = {Proceedings of the 4th International Modelica Conference},
	Editor = {Gerhard Schmitz},
	Month = Mar,
	Location = {Hamburg, Germany},
	Year = {2005}
}

@article{tlmsiemers06,
	Author = { A. Siemers and P. Fritzson and D. Fritzson },
	Title = { Meta-modeling for multi-physics co-simulations applied for openmodelica },
	Journal = { Proceedings of the ANIPLA 2006 International Congress
	on Methodologies for Emerging Technologies in Automation},
	Year = {2006},
	Month = Nov
}

@article{tlmsiemers07,
	Author = { A. Siemers and D. Fritzson },
	Title = { A meta-modeling environment for mechanical system co-simulations },
	Journal = { The 48th Scandinavian Conference on Simulation and Modeling (SIMS 2007)},
	Year = {2007},
	Location = { Gothenburg , Sweden},
	Month = Oct
	
}

@article{tlmsiemers09,
	Author = { 	Alexander Siemers  and Dag Fritzson and Iakov Nakhimovski },
	Title = { General meta-model based co-simulations applied to mechanical systems },
	Journal = { Simulation Modelling Practice and Theory },
	Year = {2009},
	Volume = { 17},
	Number = {4},
	Pages = {612-624},
	Month = Apr
}

@article{tlmlakov06,
	Author = {Iakov Nakhimovski},
	Title = {Contributions to the Modeling and Simulation of Mechanical Systems with Detailed Contact Analysis},
	Journal = {Dissertation No. 1009, Link\"{o}pings universitet},
	Month = Jan,
	Url = {http://citeseerx.ist.psu.edu/viewdoc/download?doi=10.1.1.429.3525&rep=rep1&type=pdf},
	Urldate = {2017-11-28},
	Location = {Link\"{o}ping, Sweden},
	Year = {2006}
}

@article{mbsdestefan,
	Author = {Estefan, J. A.},
	Title = {Survey of Candidate Model-Based Systems Engineering (MBSE) Methodologies, rev. B},
	Journal = {International Council on Systems Engineering (INCOSE)},
	Year = {2015}
}

@article{mbsdincose,
	Author = {INCOSE},
	Title = {Systems Engineering Vision 2020 (INCOSE-TP-2004-004-02.Version 2.03 ed.)},
	Journal = {INCOSE},
	Year = {2007}
}

@article{mbsdlee,
	Author = {Lee, E. A},
	Title = {Cyber Physical Systems: Design Challenges. In Object Oriented Real-
	Time Distributed Computing (ISORC)},
	Journal = {Proceedings of the 11th IEEE International Symposium (pp. 363-369)},
	Year = {2008}
}

@article{mbsdjensen,
	Author = {J.C. Jensen and D.H. Chang and E.A. Lee},
	Title = {A Model-Based Design Methodology for Cyber Physical Systems},
	Journal = {Proceedings of the 1st IEEE Workshop on Design, Modeling and 
	Evaluation of Cyber Physical Systems},
	Year = {2011}
}
@article{mbsdbrooks,
	Author = {Brooks, Christopher and Cheng, Chihhong Patrick and Feng, Thomas Huining and Lee, Edward A. and von Hanxleden, Reinhard},
	Title = {Model Engineering Using Multimodeling},
	Journal = {Proceedings of the 1st International Workshop on Model Co-Evolution and Consistency Management (MCCM 08)},
	Number = {UCB/EECS-2008-39},
	Pages = {611-633},
	Month = Sep,
	Year = {2008}
}

@article{mbsdbalasubramanian,
	Author = {K. Balasubramanian and A. Gokhale and G. Karsai and J. Sztipanovits and S. Neema},
	Title = {Developing Applications Using Model-Driven Design Environments},
	Journal = {IEEE Computer Society},
	Volume = {39},
	Number = {2},
	Pages = {33-40},
	Month = Feb,
	Year = {2006},
	Doi = {10.1109/MC.2006.54}
}

@article{mbsdkarasi,
	Author = { G. Karsai and J. Sztipanovits and A. Ledeczi and T. Bapty },
	Title = {Model-Integrated Development of Embedded Software},
	Journal = {Proceedings of the IEEE},
	Volume = {91},
	Number = {1},
	Pages = {145 - 164},
	Month = Jan,
	Year = {2003},
	Doi = {10.1109/JPROC.2002.805824}
}


@article{casadi,
	Author = {Andersson, J. and \r{A}kesson, J. and Diehl, M},
	Title = {CasADi - A symbolic package for automatic differentiation and optimal control },
	Journal = {Recent Advances in Algorithmic Differentiation, Lecture Notes in Computational Science and Engineering book series (LNCSE, volume 87) 297-307},
	Year = {2012},
	Doi = {https://doi.org/10.1007/978-3-642-30023-3_27}
}

@article{pythonica,
	Author = { Benjamin Edwards },
	Title = { Pythonica - Python package for the Sane Interface between Mathematica and Python via MathLink. },
	Year = {2012},
	Url = { https://github.com/bjedwards/pythonica },
	Urldate = {2017-11-28}
}

@article{wsmlink,
	Author = { Wolfram},
	Title = { WSMLink - Wolfram SystemModeler Link },
	Url = {http://reference.wolfram.com/system-modeler/WSMLink/guide/WSMLink.html },
	Urldate = {2017-11-28}
}

@article{mathlink,
	Author = { Wolfram},
	Title = { MathLink Mathematica Functions},
	Url = {https://reference.wolfram.com/legacy/v6/guide/MathLinkMathematicaFunctions.html},
	Urldate = {2017-11-28}
}

@article{mathlinktutorial,
	Author = {Todd Gayley},
	Title = {A MathLink Tutorial},
	Url = {http://edenwaith.com/development/tutorials/mathlink/ML_Tut.pdf},
	Urldate = {2017-11-28}
}


@article{mathlinkc,
	Author = { Wolfram},
	Title = { MathLink Development In C },
	Url = { http://library.wolfram.com/infocenter/Books/8516/MathLinkDevelopmentInC.pdf },
	Urldate = {2017-11-28}
}


%%%%%%%%%%%%%%%%%%%%%%%%%%%%%%%%%%%%%%%%%%%%%%%%%%%%%%%%%%%%%%%%%%%%%%
%% Alachew Optimization paper
%%%%%%%%%%%%%%%%%%%%%%%%%%%%%%%%%%%%%%%%%%%%%%%%%%%%%%%%%%%%%%%%%%%%%%

@article{biegler,
	Author = {Biegler, L.T.},
	Title = {Nonlinear Programming: Concepts, Algorithms, and Applications to Chemical Processes},
	Journal = {Society for Industrial Applied Mathematics},
	Location = {U.S, United States},
	Year = {2010}
}

@article{bock,
	Author = {Bock, H.G. and Plitt K.J.},
	Title = {A multiple shooting algorithm for direct solution of optimal control problems},
	Journal = {Proceedings of the 9th IFAC World Congress},
	Location = {Budapest},
	Volume = {17},
	Number = {2},
	Pages = {1603-1608},
	Month = Jul,
	Year = {1984},
	Doi = {https://doi.org/10.1016/S1474-6670(17)61205-9}
}

@article{tamimi,
	Author = {Tamimi, J. and Li, P.},
	Title = {A combined approach to nonlinear model predictive control of fast systems},
	Journal = {Journal of Process Control},
	Volume = {20},
	Number = {9},
	Pages = {1092–1102},
	Month = Oct,
	Year = {2010},
	Doi = {https://doi.org/10.1016/j.jprocont.2010.06.002}
}

@article{xml,
	Author = {Parrotto and R., \r{A}kesson  J. and Casella, F.},
	Title = { An XML representation of DAE systems obtained from continuous-time Modelica models},
	Journal = {Proceedings of the 3rd International Workshop on Equa\-tion-Based Ob\-ject-Ori\-ent\-ed Modeling Languages and Tools},
	Location = { Oslo, Norway},
	Month = Oct,
	Year = {2010}
}

@article{friesz,
	Author = {Friesz, T.},
	Title = {Dynamic Optimization and Differential Games},
	Journal = {Springer},
	Volume = {135},
	Year = {2007},
	Doi = {10.1007/978-0-387-72778-3}
}

@article{pop,
	Author = {Pop, A. and Fritzson, P.},
	Title = {ModelicaXML:A Modelica XML Representation with Applications},
	Journal = {Proceedings of the 3rd International Modelica Conference},
	Location = {Link\"{o}ping, Sweden},
	Month = Nov,
	Year = {2003}
}

@article{alachew,
	Author = {Alachew Shitahun},
	Title = {Template Based XML and Modelica Unparsers in OpenModelica},
	Journal = {Master thesis. Link\"{o}ping University},
	Location = {Link\"{o}ping, Sweden},
	Month = Aug,
	Year = {2012}
}

@article{sivertsson,
	Author = { Sivertsson, M. and Eriksson, L.},
	Title = {Time and Fuel Optimal Power Response of a Diesel-Electric Powertrain },
	Journal = { E-CoSM'12 – IFAC Workshop on Engine
	and Powertrain Control, Simulation and Modeling},
	Year = {2012},
	Doi = { https://doi.org/10.3182/20121023-3-FR-4025.00036}
}

@article{bernhard,
	Author = { Bernhard Bachmann and Lennart Ochel and Vitalij Ruge and Mahder Gebremedhin and Peter Fritzson and Vaheed Nezhadali and Lars Eriksson and Martin Sivertsson},
	Title = {Parallel Multiple-Shooting and Collocation Optimization with OpenModelica},
	Journal = {Proceedings of the 9th International Modelica Conference},
	Month = Sep,
	Location = {Munich, Germany},
	Year = {2012}
}

@article{wachter,
	Author = {W{\"a}chter, A. and Biegler, L.T},
	Title = {On the implementation of an interior-point filter line-search algorithm for large scale nonlinear programming. Mathematical Programming },
	Journal = {Springer-Verlag},
	Volume = {106},
	Number = {1},
	Pages = {25-27},
	Month = Mar,
	Year = {2006},
	Doi = { https://doi.org/10.1007/s10107-004-0559-y}
}

@article{akesson,
	Author = {{\"A}kesson, J. and {\"A}rz\'en. K.-E. and G{\"a}fvert, M. and  Bergdahl, T. and
	Tummescheit, H},
	Title = {Modeling and Optimization with Optimica and JModelica.org—Languages and Tools for Solving Large-Scale Dynamic Optimization
	Problems },
	Journal = {Computers and Chemical Engineering},
	Volume = {34},
	Number = {11},
	Pages = {1737-1749},
	Month = Nov,
	Year = {2010}
}


@article{hermann,
	Author = {Hermann, M},
	Title = {Numerik gew\"{o}hnlicher Differentialgleichungen: Anfangs- und Randwertprobleme.},
	Journal = {Oldenbourg Wissenschaftsverlag},
	Volume = {1},
	Year = {2004}
}

@article{deuflhard,
	Author = {Deuflhard, P. and Bornemann, F},
	Title = {Numerische Mathematik 2},
	Journal = {de Gruyter},
	Location = {Berlin, Germany},
	Year = {2000}
}


@article{optandersson,
	Author = {Andersson, J.  and {\"A}kesson, J. and  Casella, F. and Diehl, M},
	Title = {Integration of CasADi and JModelica.org},
	Journal = {Proceedings of the 8th International Modelica Conference},
	Month = Mar,
	Year = {2011}
}


%%%%%%%%%%%%%%%%%%%%%%%%%%%%%%%%%%%%%%%%%%%%%%%%%%%%%%%%%%%%%%%%%%%%%%
%% Alachew traceability paper
%%%%%%%%%%%%%%%%%%%%%%%%%%%%%%%%%%%%%%%%%%%%%%%%%%%%%%%%%%%%%%%%%%%%%%

@article{oslc,
	Author = {Open-services.net},
	Title = {Open Services for Lifecycle Collaboration  - Lifecycle Integration Inspired by the Web},
	Year = {2008},
	Url = {http://open-services.net/},
	Urldate = {2017-11-28}
}

@article{linkeddata,
	Author = {linkeddata.org },
	Title = {Linked Data  - Connect Distributed Data across the Web},
	Year = {2006},
	Url = {http://linkeddata.org/},
	Urldate = {2017-11-28}
}

@article{linkeddatatim,
	Author = {Tim Berners-Lee},
	Title = { Linked Data},
	Journal = { W3C},
	Year = {2006},
	Month  =  Jul,
	Url = {https://www.w3.org/DesignIssues/LinkedData.html },
	Urldate = {2017-11-28}
}

@article{oslcelaasar,
	Author = { Elaasar M. and Neal A },
	Title = {Integrating Modeling Tools in the Development Lifecycle with OSLC: A Case Study},
	Journal = {Model-Driven Engineering Languages and Systems (MODELS) Springer Berlin Heidelberg },
	Editor  = {Moreira A. and Schätz B. and Gray J. and Vallecillo A. and Clarke P. (eds)},
	Volume = { 8107},
	Pages = {154-169},
	Year = {2013},
	Location = { Berlin, Heidelberg },
	Doi = { https://doi.org/10.1007/978-3-642-41533-3_10}
}

@article{linkeddatatom,
	Author = {Tom Heath and Christian Bizer },
	Title = { Linked Data: Evolving the Web into a Global Data Space },
	Journal = { Synthesis Lectures on the Semantic Web: Theory and Technology},
	Volume = {1},
	Number = {1},
	Pages = {1-136},
	Year = {2011},
	Doi = { 10.2200/S00334ED1V01Y201102WBE001}
}

@article{debugingpop,
	Author = {Adrian Pop and Martin Sj\"{o}lund and Adeel Ashgar and Peter Fritzson and Francesco Casella },
	Title = {Integrated Debugging of Modelica Models},
	Journal = { Modeling, Identification and Control},
	Volume = { 35},
	Number = {2},
	Pages = { 93--107 },
	Year = {2014},
	doi = {10.4173/mic.2014.2.3}
}

@article{rdffrank,
	Author = { Frank Manola and Eric Miller},
	Title = {RDF Primer. W3C Recommendation. World Wide Web Consortium },
	Journal = { W3C },
	Year = {2004},
	Month  =  Feb,
	Url = {https://www.w3.org/TR/2004/REC-rdf-primer-20040210/},
	Urldate = {2017-11-28}
}
@article{json,
	Author = {Json.org },
	Title = {JavaScript Object Notation (JSON)},
	Url = { http://www.json.org/},
	Urldate = {2017-11-28}
}


@article{intocpspaper,
	Author = {Peter Gorm-Larsen and Casper Thule and Kenneth Lausdahl and, Victor Bandur and Carl Gamble and Etienne Brosse and Andrey Sadovykh and Alessandra Bagnato and Luis Diogo Couto},
	Title = {Integrated Tool Chain for Model-Based Design of Cyber-Physical Systems: The INTO-CPS project},
	Journal = { Proceedings of the 2nd International Workshop on Modelling, Analysis, and Control of Complex CPS (CPS Data) },
	Location = {Vienna, Austria },
	Month  = Apr,
	Year = {2016},
	doi = {10.1109/CPSData.2016.7496424},
}

@article{intocps,
	Author = {into-cps.au.dk},
	Title = {Integrated Tool Chain for Model-Based Design of Cyber-Physical Systems },
	Journal = {INTO-CPS Project},
	Year = {2015},
	Url = { http://intocps.au.dk/},
	Urldate = {2017-11-28}
}

@article{intocpskenneth,
	Author = {Kenneth Lausdahl and Peter Niermann  and Jos H\"{o}ll and Carl Gamble  and Oliver M\"{o}ller and  Etienne Brosse and Tom Bokhove  and  Luis Diogo Couto and Adrian Pop  and Christian K\"{o}nig },
	Title = {NTOCPS Traceability Design},
	Journal = {Technical report, INTO-CPS Deliverable, D4.2d},
	Month = Dec,
	Year = {2016},
	Urldate = {2017-11-28}
}

@article{intocpsjohn,
	Author = { John Fitzgerald and Carl Gamble and Richard Payne and Ken Pierce },
	Title = { Methods Progress Report 1 },
	Journal = { Technical report, INTO-CPS Deliverable, D3.1b},
	Month = Dec,
	Year = {2015},
	Urldate = {2017-11-28}
}

@article{provluc,
	Author = { Luc Moreau and Paolo Missier and James Cheney and Stian Soiland-Reyes },
	Title = { An Overview of the PROV Family of Documents },
	Journal = { W3C},
	Month = Apr,
	Year = {2013},
	Url  = { https://www.w3.org/TR/prov-n/},
	Urldate = {2017-11-28}
}

@article{neo4j,
	Author = {Neo Technology, Inc},
	Title = { Neo4j Database},
	Year = {2007},
	Url  = { https://neo4j.com/},
	Urldate = {2017-11-28}
}

@article{restfulleonardo,
	Author = { Leonard Richardson and Sam Ruby },
	Title = { RESTful Web Services },
	Journal = { O\'Reilly},
	Year = {2007},
	
}



%%%%%%%%%%%%%%%%%%%%%%%%%%%%%%%%%%%%%%%%%%%%%%%%%%%%%%%%%%%%%%%%%%%%%%
%% Related work
%%%%%%%%%%%%%%%%%%%%%%%%%%%%%%%%%%%%%%%%%%%%%%%%%%%%%%%%%%%%%%%%%%%%%%

@article{acado,
	Author = { OPTEC K.U. Leuven },
	Title = { ACADO Home Page.},
	Url = { http://acado.github.io/},
	Urldate = {2017-11-28}
}

@article{acadoboris,
	Author = { Boris Houska and  Hans Joachim Ferreau and  Moritz Diehl },
	Title = { ACADO Toolkit - An Open-Source Framework for Automatic Control and Dynamic Optimization},
	Journal = { Optimal Control Methods and Application },
	Volume = { 32},
	Number = {3},
	Pages = { 298-312},	
	Year = {2011},
	doi = { 10.1002/oca.939 }
}

@article{ipopt,
	Author = { Andreas W{\"a}chter and Carl Laird},
	Title = {IPOPT Home Page.},
	Url = { https://projects.coin-or.org/Ipopt},
	Year = {2005},
	Month = Aug,
	Urldate = {2017-11-28}
}

@article{relatedworkjohan,
	Author = { Johan \r{A}kesson and Ola Sl{\"a}tteke },
	Title = { Modeling, Calibration and Control of a Paper Machine Dryer Section},
	Journal = {Proceedings of the 5th International Modelica Conference.},
	Year = {2006},
	Location = {Vienna, Austria},
	Month = Sep
}

@article{relatedworkfranke,
	Author = { R\"udiger Franke and Manfred Rode and Klaus Krg\"uer },
	Title = { On-line Optimization of Drum Boiler Startup },
	Journal = {Proceedings of the 3rd International Modelica Conference.},
	Year = {2003},
	Location = { Link {\"o}ping, Sweden },
	Pages = {287--296},
	Month = Nov
}

@article{relatedworklarson,
	Author = { Per-Ola Larsson and Johan \r{A}kesson and Staffan Haugwitz and Niklas Andersson},
	Title = { Modeling and Optimization of a Grade Change for Multistage Polyethylene Reactors },
	Journal = {Proceedings of the 18th IFAC World Congress.},
	Year = {2011},
	Volume = {44},
	Number = {1},
	Pages = { 12331-12336 },
	Month = Jan,
	Doi = { https://doi.org/10.3182/20110828-6-IT-1002.00131}
}


@article{relatedworkjan,
	Author = {Jan  Poland and Alf. J. Isaksson  and P. Aronsson },
	Title = {Building and Solving Nonlinear Optimal Control and Estimation Problems },
	Journal = {Proceedings of the 7th International Modelica
	Conference.},
	Year = {2009},
	Location = { Como, Italy },
	Month = Sep,
	Doi = { 10.3384/ecp09430004}
}

@article{relatedworkprolss,
	Author = { K. Pr\"{o}lss and H. Tummescheit and S. Velut and Y. Zhu and J. Åkesson and C. D. Laird },
	Title = {Models of a post-combustion absorption unit for simulation; optimization and non-linear model predictive control schemes },
	Journal = { Proceedings of the 8th International Modelica Conference },
	Year = {2011},
	Location = { Dresden, Germany },
	Month = Mar,
	Doi = { 10.3384/ecp1106364 }
	
}


@article{hopsanusersguide,
	Author = {HOPSAN},
	Title = {The HOPSAN Simulation Program, Users Manual.},
	Journal = { Link\"{o}ping University, LiTH-IKP-R-387.},
	Year = {1985}
}

@article{hospanaxin,
	Author = { Mikael Axin and Robert Braun and Petter Krus and Alessandro dell\'Amico and  Bj\"{o}rn Eriksson and Peter Nordin and Karl Pettersson and Ingo Staack },
	Title = {Next Generation Simulation Software using Transmission Line Elements },
	Journal = { Proceedings of the Bath/ASME Symposium on Fluid Power and Motion Control (FPMC)},
	Year = {2010},
	Month = Sep
}

@article{tlmmartin,
	Author = { Martin Sj\"{o}lund },
	Title = { Tools and Methods for Analysis, Debugging, and Performance Improvement of Equation-Based Models },
	Journal = { Doctoral thesis No 1664, Link\"{o}ping University, Department of Computer and Information Science },
	Year = {2015}
}

@article{cosimulationyongjoo,
	Author = { Yongjoo Kim and Kyuseok Kim and Youngsoo Shin and Taekyoon Ahn and Kiyoung Choi },
	Title = { An Integrated Cosimulation Environment for Heterogeneous Systems Prototyping },
	Journal = { Design Automation for Embedded Systems },
	Year = {1998},
	Volume = { 3 },
	Number = {2-3},
	Pages = {163–186},
	Month = Jun,
	Doi = { https://doi.org/10.1023/A:1008842424479 }
}

@article{cosimulationmilan,
	Author = { 	A. Bakshi and V. K. Prasanna and A. Ledeczi },
	Title = { MILAN: A Model Based Integrated Simulation Framework for Design of Embedded Systems},
	Journal = { Proceeding LCTES '01 Proceedings of the ACM SIGPLAN workshop on Languages, compilers and tools for embedded systems },
	Year = {1998},
	Volume = { 36 },
	Number = {8},
	Pages = {82–93},
	Month = Aug,
	Doi = { 10.1145/384196.384210}
}

@article{tnisoftware,
	Author = { TNI-Software },
	Title = {Cosimate co-simulation software},
	Url = { http://www.tni-software.com},
	Urldate = {2017-11-28}
}

@article{cosimulationptolemy,
	Author = { 	Johan Eker and Jorn Janneck and Edward A. Lee and Jie Liu and  Xiaojun Liu and Jozsef Ludvig and Sonia Sachs and Yuhong Xiong },
	Title = { Taming heterogeneity - the Ptolemy approach},
	Journal = { Proceedings of the IEEE },
	Year = {2003},
	Volume = { 91 },
	Number = {1},
	Pages = {127-144},
	Month = Jan
	
}

@article{pythonperera,
	Author = { Perera, M. and Anushka S. and Lie, B. and Pfeiffer, C.F.},
	Title = { Structural Observability Analysis of Large Scale Systems Using Modelica and Python },
	Journal = { Modeling, Identification and Control },
	Volume = {36},
	Number = {1},
	Pages = {53–65},
	Year = {2015},
	Doi = { http://dx.doi.org/10.4173/mic.2015.1.4 }
}

@article{pythonpereraparameter,
	Author = { Perera, M. and Anushka S. and Hauge, T.A. and Pfeiffer, C.F.},
	Title = { Parameter and State Estimation of Large-Scale Complex Systems Using Python Tools },
	Journal = { Modeling, Identification and Control },
	Volume = {36},
	Number = {3},
	Pages = {189–198},
	Year = {2015},
	Doi = { http://dx.doi.org/10.4173/mic.2015.3.6 }
}

@article{ompythonanandthesis,
	Author = { Ganeson, A.K },
	Title = { Design and Implementation of a User Friendly OpenModelica - Python interface },
	Journal = { Master\'s Thesis, Department of Computer and Information Science, Link\"{o}ping University },
	Location = {Link\"{o}ping, Sweden },
	Year = {2012}
}
